@article{netflix_recs,
  author    = {Carlos Alberto Gomez{-}Uribe and Neil Hunt},
  title     = {The Netflix Recommender System: Algorithms, Business Value, and Innovation},
  journal   = {{ACM} Trans. Manag. Inf. Syst.},
  volume    = {6},
  number    = {4},
  pages     = {13:1--13:19},
  year      = {2016},
  url       = {https://doi.org/10.1145/2843948},
  doi       = {10.1145/2843948},
  timestamp = {Wed, 10 Mar 2021 15:02:45 +0100},
  biburl    = {https://dblp.org/rec/journals/tmis/Gomez-UribeH16.bib},
  bibsource = {dblp computer science bibliography, https://dblp.org}
}

@inbook{Hacking1995Looping,
author={Ian Hacking},
year={1995},
title={The {Looping} {Effects} of {Human} {Kinds}},
booktitle = {Causal cognition: A multidisciplinary debate},
pages={351–394},
editor={Sperber, D., Premack, D., Premack, A. J.},
publisher ={Clarendon Press/Oxford University Press}
}

@misc{ribeiro2021auditing,
      title={Auditing Radicalization Pathways on YouTube}, 
      author={Manoel Horta Ribeiro and Raphael Ottoni and Robert West and Virgílio A. F. Almeida and Wagner Meira},
      year={2021},
      eprint={1908.08313},
      archivePrefix={arXiv},
      primaryClass={cs.CY}
}

@article{Espeland2007,
  doi = {10.1086/517897},
  url = {https://doi.org/10.1086/517897},
  year = {2007},
  month = jul,
  publisher = {University of Chicago Press},
  volume = {113},
  number = {1},
  pages = {1--40},
  author = {Wendy~Nelson Espeland and Michael Sauder},
  title = {Rankings and Reactivity: How Public Measures Recreate Social Worlds},
  journal = {American Journal of Sociology}
}

@article{Christin2018,
  doi = {10.1086/696137},
  url = {https://doi.org/10.1086/696137},
  year = {2018},
  month = mar,
  publisher = {University of Chicago Press},
  volume = {123},
  number = {5},
  pages = {1382--1415},
  author = {Ang{\`{e}}le Christin},
  title = {Counting Clicks: Quantification and Variation in Web Journalism in the United States and France},
  journal = {American Journal of Sociology}
}

@article{Christin2021,
  doi = {10.1177/2056305121999660},
  url = {https://doi.org/10.1177/2056305121999660},
  year = {2021},
  month = jan,
  publisher = {{SAGE} Publications},
  volume = {7},
  number = {1},
  pages = {205630512199966},
  author = {Ang{\`{e}}le Christin and Rebecca Lewis},
  title = {The Drama of Metrics: Status,  Spectacle,  and Resistance Among {YouTube} Drama Creators},
  journal = {Social Media $\mathplus$ Society}
}

@article{Beer1995,
  doi = {10.1016/0004-3702(94)00005-l},
  url = {https://doi.org/10.1016/0004-3702(94)00005-l},
  year = {1995},
  month = jan,
  publisher = {Elsevier {BV}},
  volume = {72},
  number = {1-2},
  pages = {173--215},
  author = {Randall D. Beer},
  title = {A dynamical systems perspective on agent-environment interaction},
  journal = {Artificial Intelligence}
}

@inproceedings{li2010contextual,
  title={A contextual-bandit approach to personalized news article recommendation},
  author={Li, Lihong and Chu, Wei and Langford, John and Schapire, Robert E},
  booktitle={Proceedings of the 19th international conference on World wide web},
  pages={661--670},
  year={2010}
}

@article{spotify_recs,
    author = {Mehrotra, Rishabh},
    title = {Recommendations in a Marketplace: Personalizing Explainable Recommendations with Multi-objective Contextual Bandits},
    year = {2018},
    url = {https://mlconf.com/sessions/recommendations-in-a-marketplace-personalizing-explainable-recommendations-with-multi-objective-contextual-bandits/}
}

@article{netflix_slides,
    author = {Kawale, Jaya and Chow, Elliot},
    title = {A Multi-Armed Bandit Framework for Recommendations at Netflix},
    year = {2018},
    url = {https://info.dataengconf.com/hubfs/SF\%2018\%20-\%20Slides/DS/A\%20Multi-Armed\%20Bandit\%20Framework\%20for\%20Recommendations\%20at\%20Netflix.pdf}
}

@misc{swaminathan2017offpolicy,
      title={Off-policy evaluation for slate recommendation}, 
      author={Adith Swaminathan and Akshay Krishnamurthy and Alekh Agarwal and Miroslav Dudík and John Langford and Damien Jose and Imed Zitouni},
      year={2017},
      eprint={1605.04812},
      archivePrefix={arXiv},
      primaryClass={cs.LG}
}

@inproceedings{45530,
title	= {Deep Neural Networks for YouTube Recommendations},
author	= {Paul Covington and Jay Adams and Emre Sargin},
year	= {2016},
booktitle	= {Proceedings of the 10th ACM Conference on Recommender Systems},
address	= {New York, NY, USA}
}
